@article{chizat,
  author  = {Lénaïc Chizat, Edouard Oyallon, Francis Bach}, 
  title   = {On Lazy Training in Differentiable Programming},
  year    = 2018
}

@misc{eecs,
  author = {Clayton Scott},
  title = {{Kernel Methods and the Representer Theorem}},
  howpublished = "\url{http://web.eecs.umich.edu/~cscott/past_courses/eecs598w14/notes/13_kernel_methods.pdf}",
  year = 2014
  note = "Issu du cours EECS 598 de l'université du Michigan"
}

@inbook{mia,
 author={Christophe Giraud},
 title={Mathematics for Artificial Intelligence},
 year={2020},
 pages={80}
}